%------------------------------------------------------------------------------------------------
@online{github:oled,
	author		  = {{\myemph{Tomaž Šolc}}},
	title         = {{{Arduino library for the SEPS525 OLED shield}}},
	year          =  2013,
	url			  = {https://github.com/avian2/SEPS525-OLED-Library},
	urldate		  = {2017-02-02}
}

@online{sparetimelabs:tinyprintf,
	author		  = {{\myemph{Kustaa Nyholm}}},
	title         = {{{A tiny printf for embedded applications}}},
	year          =  2012,
	url			  = {http://www.sparetimelabs.com/tinyprintf/tinyprintf.php},
	urldate		  = {2017-02-13}
}

@online{lonestar:at,
	author		  = {{\myemph{Frank Durda IV}}},
	title         = {{{The AT Command Set Reference - History }}},
	year          =  2004,
	url			  = {http://www.sparetimelabs.com/tinyprintf/tinyprintf.php},
	urldate		  = {2017-02-23}
}
