%------------------------------------------------------------------------------------------------
@online{microsemi:faq_serdes,
	author		  = {{\myemph{Microsemi Corporation}}},
	title         = {{{Smartfusion2/IGLOO2: Can the 50MHz On-Chip Oscillator be used for the SERDES reference clock source?}}},
	year          =  2016,
	url			  = {http://soc.microsemi.com/kb/article.aspx?id=FQ1332},
	urldate		  = {2016-07-16}
}
@online{microsemi:igloo2_site,
	author		  = {{\myemph{Microsemi Corporation}}},
	title         = {{{IGLOO2 FPGA Family}}},
	year          =  2016,
	url			  = {http://www.microsemi.com/products/fpga-soc/fpga/igloo2-fpga},
	urldate		  = {2016-08-02}
}
@manual{microsemi:igloo2_datasheet,
	organization  = {\myemph{Microsemi Corporation}},
	title         = {{{IGLOO2 FPGA and SmartFusion2 SoC FPGA}}},
	number        = {DS0128 Datenblatt},
	year          =  2016,
	month         =  05,    
	note          = {Rev. 10}
}

@manual{microsemi:serdes_ug,
	organization  = {\myemph{Microsemi Corporation}},
	title         = {{{SmartFusion2 and IGLOO2 FPGA High-Speed Serial Interfaces}}},
	number        = {UG0447 Bedienungsanleitung},
	year          =  2016,
	month         =  07,    
	note          = {Rev. 6}
}

@manual{microsemi:hpms_ug,
	organization  = {\myemph{Microsemi Corporation}},
	title         = {{{IGLOO2 FPGA High Performance Memory Subsystem}}},
	number        = {UG0448 Bedienungsanleitung},
	year          =  2016,
	month         =  1,    
	note          = {Rev. 5}
}

@manual{microsemi:debug_tut,
	organization  = {\myemph{Microsemi Corporation}},
	title         = {{{SmartFusion2 and IGLOO2 SmartDebug Hardware Design Debug Tools - Libero SoC v11.7}}},
	number        = {TU0530 Tutorial},
	year          =  2016,
	month         =  04,    
	note          = {Rev. 8}
}
%%------------------------------------------------------------------------------------------------
@manual{ti:lmh0344_datasheet,
	organization  = {\myemph{Texas Instruments}},
	title         = {{{LMH0344 3-Gbps HD - SD SDI Adaptive Cable Equalizer}}},
	number        = {SNLS272Q Datenblatt},
	year          =  2015,
	month         =  7,    
	note          = {Rev. O}
}

@manual{ti:lmh0040_datasheet,
	organization  = {\myemph{Texas Instruments}},
	title         = {{{3 Gbps, HD, SD, DVB-ASI SDI Serializer and Cable Driver With LVDS Interface}}},
	number        = {SNLS271I Datenblatt},
	year          =  2013,
	month         =  4,    
	note          = {Rev. H}
}

@manual{ti:lmh0302_datasheet,
	organization  = {\myemph{Texas Instruments}},
	title         = {{{3 Gbps HD/SD SDI Cable Driver}}},
	number        = {SNLS247G Datenblatt},
	year          =  2013,
	month         =  4,    
	note          = {Rev. G}
}
%%------------------------------------------------------------------------------------------------
@online{si:dspll,
	author		  = {{\myemph{Silicon Laboratories}}},
	title         = {{{Innovative 4th Generation DSPLL® Technology}}},
	year          =  2016,
	url			  = {http://www.silabs.com/products/clocksoscillators/Pages/DSPLL.aspx},
	urldate		  = {2016-07-16}
}

@online{si:dspll_w,
	author		  = {{\myemph{Silicon Laboratories}}},
	title         = {{{Optimizing Clock Synthesis in Small Cells and Heterogeneous Networks (White Paper)}}},
	year          =  2016,
	url			  = {http://www.silabs.com/Support%20Documents/TechnicalDocs/Silicon%20Labs%20Next-Generation%20DSPLL%20Technology%20White%20Paper%20-%20June%202015.pdf},
	urldate		  = {2016-07-16}
}

@online{si:dspll_jitter,
	author		  = {{\myemph{Silicon Laboratories}}},
	title         = {{{Power Supply Rejection Ratio (PSRR) in Low Jitter Clocks and Oscillators}}},
	year          =  2016,
	url			  = {https://www.silabs.com/products/clocksoscillators/Pages/Power-Supply-Rejection-Ratio.aspx},
	urldate		  = {2016-07-16}
}

@manual{si:si514_datasheet,
	organization  = {{\myemph{Silicon Laboratories}}},
	title         = {{{Any-Frequency I2C Programmable XO (100kHz TO 250MHz)}}},
	number        = {Datenblatt},
	year          =  2012,
	month         =  5,    
	note          = {Rev. 1.0}
}

@manual{si:si514_an,
	organization  = {{\myemph{Silicon Laboratories}}},
	title         = {{{Termination Options for Any-Frequency Si51x XOs, VCXOs}}},
	number        = {AN587},
	year          =  2014,
	month         =  9,    
	note          = {Rev. 0.3}
}
%%------------------------------------------------------------------------------------------------
@manual{atmel:atmega328_datasheet,
	organization  = {{\myemph{Atmel}}},
	title         = {{{ATmega48A/PA/88A/PA/168A/PA/328/P}}},
	number        = {Datenblatt},
	year          =  2015,
	month         =  11,    
	note          = {Rev. 8271J}
}
%%------------------------------------------------------------------------------------------------
@manual{other:usb_uart,
	organization  = {{\myemph{Future Technology Devices International Limited}}},
	title         = {{{FT232R USB UART IC}}},
	number        = {Datenblatt},
	year          =  2015,
	month         =  11,    
	note          = {Rev. 2.13}
}

@manual{other:idt_pcie,
	organization  = {{\myemph{Integrated Device Technology, Inc.}}},
	title         = {{{PCI Express/HCSL Termination}}},
	number        = {AN-808},
	year          =  2013,
	month         =  04,    
	note          = {Rev. A}
}

@manual{other:ldo,
	organization  = {{\myemph{Micrel Inc.}}},
	title         = {{{MIC5501/2/3/4}}},
	number        = {Datenblatt},
	year          =  2015,
	month         =  04,    
	note          = {Rev. 2.3}
}

@online{other:kicad,
	author		  = {{KiCAD Community}},
	title         = {{{KiCAD Website}}},
	year          =  2016,
	url			  = {http://kicad-pcb.org/},
	urldate		  = {2016-07-23}
}

@online{other:arduino,
	author		  = {{\myemph{Arduino}}},
	title         = {{{Arduino Nano Website}}},
	year          =  2016,
	url			  = {https://www.arduino.cc/en/Main/ArduinoBoardNano},
	urldate		  = {2016-07-24}
}
@online{other:flash,
	author		  = {{Tim Morin, Microsemi Corp.}},
	title         = {{{Flash FPGAs give designers more flexibility}}},
	year          = 2016,
	month		  = 01,
	url			  = {http://www.embedded.com/electronics-blogs/industry-comment/4438457/Flash-FPGAs-give-designers-more-flexibility},
	urldate		  = {2016-08-02}
}
@online{other:outputlogic,
	author		  = {{Evgeni Stavinov}},
	title         = {{{Scrambler Generator}}},
	year          = 2016,
	month		  = 08,
	url			  = {http://outputlogic.com/?page_id=205},
	urldate		  = {2016-08-09}
}
@online{other:holes,
	author		  = {{Voluntary Mechanical Engineering Enthusiasts}},
	title         = {{{CLEARANCE HOLES FOR METRIC FASTENERS}}},
	year          =  2016,
	url			  = {http://www.amesweb.info/Screws/ClearanceHolesMetricFasteners.aspx},
	urldate		  = {2016-07-26}
}
@online{other:flash_2,
	author		  = {{Hezi Saar, Actel Corporation}},
	title         = {{{Flash FPGAs: Often imitated, never duplicated}}},
	year          =  2016,
	month         =  05,
	url			  = {http://mil-embedded.com/articles/flash-fpgas-often-imitated-duplicated/},
	urldate		  = {2016-07-26}
}
@manual{other:smpte_292,
	organization  = {Society of Motion Pictures and Television Engineers},
	title         = {{{1.5 Gb/s Signal/Data Serial Interface}}},
	number        = {SMPTE 292-2006},
	year          =  2006,
	month         =  11,    
	note          = {Revision of SMPTE 292M-1998}
}
@online{other:twi_levels,
	author		  = {{Herman Schutte, Philips Semiconductors}},
	title         = {{{Bi-directional level shifter for I²C-bus and other systems.}}},
	year          = 1997,
	month		  = 08,
	url			  = {http://www.kip.uni-heidelberg.de/lhcb/Publications/external/AN97055.pdf},
	urldate		  = {2016-08-12}
}
@online{other:xilinx_sdi,
	author		  = {{Xilinx Inc.}},
	title         = {{{SMPTE SDI}}},
	year		  = 2016,
	url			  = {http://www.xilinx.com/products/intellectual-property/smpte_sdi.html},
	urldate		  = {2016-08-13}
}

@online{other:xilinx_seu,
	author		  = {{Xilinx Inc.}},
	title         = {{{Single Event Upsets}}},
	year		  = 2016,
	url			  = {http://www.xilinx.com/support/quality/single-event-upsets.html},
	urldate		  = {2016-08-13}
}
%%------------------------------------------------------------------------------------------------
@book{book:high_speed_sig,
	author      = {Howar Johnson and Martin Graham},
	title       = {HIGH-SPEED SIGNAL PROPAGATION},
	subtitle	= {Advanced Black Magic},
	date        = {2003},
	publisher   = {Pearson Education},
	language    = {Englisch},
	location    = {Upper Saddle River, New Jersey},
	edition     = {1}
}
@book{book:vhdl_students_guide,
	author      = {Peter J. Ashenden},
	title       = {The Students Guide to VHDL},
	subtitle	= {Second Edition},
	date        = {2008},
	publisher   = {Elsevier},
	language    = {Englisch},
	location    = {Burlington, Massachusetts},
	edition     = {2}
}
%%------------------------------------------------------------------------------------------------
@report{rep:t3000,
	author = {Maximilian Stiefel},
	title = {{{Untersuchung von Optimierungsmöglichkeiten der seriellen, digitalen Video-Schnittstellen der Grafikkarte MPG-3e}}},
	type = {PROJEKTBERICHT},
	institution = {DHBW Ravensburg Campus Friedrichshafen},
	date = {2016-04-08},
}
%%------------------------------------------------------------------------------------------------
@online{wiki:nrzi,
	author		  = {{\myemph{Wikimedia Foundation Inc}}},
	title         = {{{Non-return-to-zero}}},
	year          =  2016,
	url			  = {https://en.wikipedia.org/wiki/Non-return-to-zero},
	urldate		  = {2016-07-24}
}

@online{wiki:twisted_pair,
	author		  = {{\myemph{Wikimedia Foundation Inc}}},
	title         = {{{Twisted-Pair-Kabel}}},
	year          =  2016,
	url			  = {https://de.wikipedia.org/wiki/Twisted-Pair-Kabel},
	urldate		  = {2016-07-29}
}

@online{wiki:lvds,
	author		  = {{\myemph{Wikimedia Foundation Inc}}},
	title         = {{{Low-voltage differential signaling}}},
	year          =  2016,
	url			  = {https://en.wikipedia.org/wiki/Low-voltage_differential_signaling},
	urldate		  = {2016-07-30}
}

@online{wiki:8b10b-Code,
	author		  = {{\myemph{Wikimedia Foundation Inc}}},
	title         = {{{8b10b-Code}}},
	year          =  2016,
	url			  = {https://de.wikipedia.org/wiki/8b10b-Code},
	urldate		  = {2016-08-02}
}

@online{wiki:schiebe_reg,
	author		  = {{\myemph{Wikimedia Foundation Inc}}},
	title         = {{{Linear rückgekoppeltes Schieberegister}}},
	year          =  2016,
	url			  = {https://de.wikipedia.org/wiki/Linear_r%C3%BCckgekoppeltes_Schieberegister},
	urldate		  = {2016-08-07}
}
